<?xml version="1.0" encoding="UTF-8"?><record xmlns="http://www.loc.gov/MARC21/slim" xmlns:cinclude="http://apache.org/cocoon/include/1.0" xmlns:zs="http://www.loc.gov/zing/srw/">
  <leader>00615nz  a2200145n  4500</leader>
  <controlfield tag="001">no2010163671</controlfield>
  <controlfield tag="003">DLC</controlfield>
  <controlfield tag="005">20101009075833.0</controlfield>
  <controlfield tag="008">101007n| acannaabn          |a aaa     c</controlfield>
  <datafield tag="010" ind1=" " ind2=" ">
    <subfield code="a">no2010163671</subfield>
  </datafield>
  <datafield tag="035" ind1=" " ind2=" ">
    <subfield code="a">(OCoLC)oca08650000</subfield>
  </datafield>
  <datafield tag="040" ind1=" " ind2=" ">
    <subfield code="a">MX-SlUA</subfield>
    <subfield code="b">eng</subfield>
    <subfield code="c">MX-SlUA</subfield>
  </datafield>
  <datafield tag="100" ind1="1" ind2=" ">
    <subfield code="a">Navarro Sándigo, Pedro Rafael</subfield>
  </datafield>
  <datafield tag="400" ind1="1" ind2=" ">
    <subfield code="a">Sándigo, Pedro Rafael Navarro</subfield>
  </datafield>
  <datafield tag="670" ind1=" " ind2=" ">
    <subfield code="a">Estudio del desarrollo de técnicas en la preparación de modelos, moldeo y vaciado de piezas en una fundición industrial, 1972:</subfield>
    <subfield code="b">t.p. (Pedro Rafael Navarro Sándigo; Universidad Autónoma de San Luis Potosí; Ingeniero Mecánico Electricista)</subfield>
  </datafield>
</record>